@article{Sametinger,
 author = {Sametinger, Johannes and Rozenblit, Jerzy and Lysecky, Roman and Ott, Peter},
 title = {Security Challenges for Medical Devices},
 journal = {Commun. ACM},
 issue_date = {April 2015},
 volume = {58},
 number = {4},
 month = mar,
 year = {2015},
 issn = {0001-0782},
 pages = {74--82},
 numpages = {9},
 url = {http://doi.acm.org/10.1145/2667218},
 doi = {10.1145/2667218},
 acmid = {2667218},
 publisher = {ACM},
 address = {New York, NY, USA},
}

@article{wirth2011cybercrimes,
	title={Cybercrimes pose growing threat to medical devices},
	author={Wirth, Axel},
	journal={Biomedical instrumentation \& technology},
	volume={45},
	number={1},
	pages={26--34},
	year={2011}
}

@article{coventry2018cybersecurity,
	title={Cybersecurity in healthcare: A narrative review of trends, threats and ways forward},
	author={Coventry, Lynne and Branley, Dawn},
	journal={Maturitas},
	volume={113},
	pages={48--52},
	year={2018},
	publisher={Elsevier}
}

@article{williams2015cybersecurity,
	title={Cybersecurity vulnerabilities in medical devices: a complex environment and multifaceted problem},
	author={Williams, Patricia AH and Woodward, Andrew J},
	journal={Medical Devices (Auckland, NZ)},
	volume={8},
	pages={305},
	year={2015},
	publisher={Dove Press}
}

@article{moses2015lack,
	title={Lack of security of networked medical equipment in radiology},
	author={Moses, Vinu and Korah, Ipeson},
	journal={American Journal of Roentgenology},
	volume={204},
	number={2},
	pages={343--353},
	year={2015},
	publisher={Am Roentgen Ray Soc}
}

@article{ferrara2019cybersecurity,
	title={Cybersecurity in Medical Imaging},
	author={Ferrara, Adi},
	journal={Radiologic technology},
	volume={90},
	number={6},
	pages={563--575},
	year={2019},
	publisher={Am Soc Radiol Tech}
}

@article{murphy2015cybersecurity,
	title={Is cybersecurity possible in healthcare},
	author={Murphy, Sean},
	journal={National Cybersecurity Institute Journal},
	volume={1},
	number={3},
	pages={49--63},
	year={2015}
}

@article{stites2016secure,
	title={How secure is your radiology department? Mapping digital radiology adoption and security worldwide},
	author={Stites, Mark and Pianykh, Oleg S},
	journal={American Journal of Roentgenology},
	volume={206},
	number={4},
	pages={797--804},
	year={2016},
	publisher={Am Roentgen Ray Soc}
}

@article{InformationSecurityonDiagnosticImagingSystem,
	author = {Wang, Zhiqiang and Ma, Pingchuan and Chi, Yaping and Zhang, Jianyi},
	title = {Medical Devices Are at Risk: Information Security on Diagnostic Imaging System},
	booktitle = {Proceedings of the 2018 ACM SIGSAC Conference on Computer and Communications Security},
	series = {CCS '18},
	year = {2018},
	isbn = {978-1-4503-5693-0},
	location = {Toronto, Canada},
	pages = {2309--2311},
	numpages = {3},
	url = {http://doi.acm.org/10.1145/3243734.3278513},
	doi = {10.1145/3243734.3278513},
	acmid = {3278513},
	publisher = {ACM},
	address = {New York, NY, USA},
	keywords = {diagnostic imaging system, health data, information security, medical device},
} 

@article{Ray,
	author = {Ray, Arnab and Cleaveland, Rance},
	title = {An Analysis Method for Medical Device Security},
	booktitle = {Proceedings of the 2014 Symposium and Bootcamp on the Science of Security},
	series = {HotSoS '14},
	year = {2014},
	isbn = {978-1-4503-2907-1},
	location = {Raleigh, North Carolina, USA},
	pages = {16:1--16:2},
	articleno = {16},
	numpages = {2},
	url = {http://doi.acm.org/10.1145/2600176.2600192},
	doi = {10.1145/2600176.2600192},
	acmid = {2600192},
	publisher = {ACM},
	address = {New York, NY, USA},
	keywords = {medical device security},
}

@article{gerard2013cybersecurity,
	title={Cybersecurity in radiology: access of public hot spots and public Wi-Fi and prevention of cybercrimes and HIPAA violations},
	author={Gerard, Perry and Kapadia, Neil and Acharya, Jay and Chang, Patricia T and Lefkovitz, Zvi},
	journal={American Journal of Roentgenology},
	volume={201},
	number={6},
	pages={1186--1189},
	year={2013},
	publisher={Am Roentgen Ray Soc}
}

@article{mahler2018know,
	title={Know Your Enemy: Characteristics of Cyber-Attacks on Medical Imaging Devices},
	author={Mahler, Tom and Nissim, Nir and Shalom, Erez and Goldenberg, Israel and Hassman, Guy and Makori, Arnon and Kochav, Itzik and Elovici, Yuval and Shahar, Yuval},
	journal={arXiv preprint arXiv:1801.05583},
	year={2018}
}

@article{ma2019medical,
	title={Medical Imaging Device Security: An Exploratory Study},
	author={Ma, Pingchuan and Wang, Zhiqiang and Zou, Xiaoxiang and Zhang, Jianyi and Liu, Qixu and Lyu, Xin and Wang, Wentao},
	journal={arXiv preprint arXiv:1904.00224},
	year={2019}
}

@article{busdicker2017role,
	title={The Role of Healthcare Technology Management in Facilitating Medical Device Cybersecurity},
	author={Busdicker, Mike and Upendra, Priyanka},
	journal={Biomedical instrumentation \& technology},
	volume={51},
	number={s6},
	pages={19--25},
	year={2017}
}

@article{martin2017cybersecurity,
	title={Cybersecurity and healthcare: how safe are we?},
	author={Martin, Guy and Martin, Paul and Hankin, Chris and Darzi, Ara and Kinross, James},
	journal={Bmj},
	volume={358},
	pages={j3179},
	year={2017},
	publisher={British Medical Journal Publishing Group}
}

@article{Marwan,
	author = {Marwan, M. and Kartit, A. and Ouahmane, H.},
	title = {Design a Secure Framework for Cloud-Based Medical Image Storage},
	booktitle = {Proceedings of the 2Nd International Conference on Big Data, Cloud and Applications},
	series = {BDCA'17},
	year = {2017},
	isbn = {978-1-4503-4852-2},
	location = {Tetouan, Morocco},
	pages = {7:1--7:6},
	articleno = {7},
	numpages = {6},
	url = {http://doi.acm.org/10.1145/3090354.3090361},
	doi = {10.1145/3090354.3090361},
	acmid = {3090361},
	publisher = {ACM},
	address = {New York, NY, USA},
	keywords = {Cloud computing, medical image, security},
} 

@inproceedings{FooKune:2012:TSI:2342536.2342540,
	author = {Foo Kune, Denis and Venkatasubramanian, Krishna and Vasserman, Eugene and Lee, Insup and Kim, Yongdae},
	title = {Toward a Safe Integrated Clinical Environment: A Communication Security Perspective},
	booktitle = {Proceedings of the 2012 ACM Workshop on Medical Communication Systems},
	series = {MedCOMM '12},
	year = {2012},
	isbn = {978-1-4503-1478-7},
	location = {Helsinki, Finland},
	pages = {7--12},
	numpages = {6},
	url = {http://doi.acm.org/10.1145/2342536.2342540},
	doi = {10.1145/2342536.2342540},
	acmid = {2342540},
	publisher = {ACM},
	address = {New York, NY, USA},
	keywords = {integrated clinical environment, medical device, security},
} 

@inproceedings{Almohri:2017:TMM:3204094.3204113,
	author = {Almohri, Hussain and Cheng, Long and Yao, Danfeng (Daphne) and Alemzadeh, Homa},
	title = {On Threat Modeling and Mitigation of Medical Cyber-physical Systems},
	booktitle = {Proceedings of the Second IEEE/ACM International Conference on Connected Health: Applications, Systems and Engineering Technologies},
	series = {CHASE '17},
	year = {2017},
	isbn = {978-1-5090-4721-5},
	location = {Philadelphia, Pennsylvania},
	pages = {114--119},
	numpages = {6},
	url = {https://doi.org/10.1109/CHASE.2017.69},
	doi = {10.1109/CHASE.2017.69},
	acmid = {3204113},
	publisher = {IEEE Press},
	address = {Piscataway, NJ, USA},
	keywords = {medical control systems, medical information systems, safety management, security management},
} 

@article{tk2013inside,
	title={Inside risks controlling for cybersecurity risks of medical device software},
	author={TK, CREDIT},
	journal={Communications of the ACM},
	volume={56},
	number={10},
	year={2013}
}

@article{fu2014controlling,
	title={Controlling for cybersecurity risks of medical device software},
	author={Fu, Kevin and Blum, James},
	journal={Biomedical instrumentation \& technology},
	volume={48},
	number={s1},
	pages={38--41},
	year={2014}
}

@article{tanev2015value,
	title={A value blueprint approach to cybersecurity in networked medical devices},
	author={Tanev, George and Tzolov, Peyo and Apiafi, Rollins},
	journal={Technology Innovation Management Review},
	volume={5},
	number={6},
	year={2015}
}

@article{Sametinger:2015:SCM:2749359.2667218,
	author = {Sametinger, Johannes and Rozenblit, Jerzy and Lysecky, Roman and Ott, Peter},
	title = {Security Challenges for Medical Devices},
	journal = {Commun. ACM},
	issue_date = {April 2015},
	volume = {58},
	number = {4},
	month = mar,
	year = {2015},
	issn = {0001-0782},
	pages = {74--82},
	numpages = {9},
	url = {http://doi.acm.org/10.1145/2667218},
	doi = {10.1145/2667218},
	acmid = {2667218},
	publisher = {ACM},
	address = {New York, NY, USA},
} 

@article{CyberSecurity,
	author={Lewis,Christopher J.},
	year={2014},
	title={Cybersecurity in healthcare},
	journal={ProQuest Dissertations and Theses},
	pages={52},
	note={Copyright - Database copyright ProQuest LLC; ProQuest does not claim copyright in the individual underlying works; Last updated - 2016-06-05},
	isbn={9781321427899},
	language={English},
} 

@article{halperin2008security,
	title={Security and privacy for implantable medical devices},
	author={Halperin, Daniel and Heydt-Benjamin, Thomas S and Fu, Kevin and Kohno, Tadayoshi and Maisel, William H},
	journal={IEEE pervasive computing},
	volume={7},
	number={1},
	pages={30--39},
	year={2008},
	publisher={IEEE}
}

@article{denning2010patients,
	title={Patients, pacemakers, and implantable defibrillators: Human values and security for wireless implantable medical devices},
	author={Denning, Tamara and Borning, Alan and Friedman, Batya and Gill, Brian T and Kohno, Tadayoshi and Maisel, William H},
	booktitle={Proceedings of the SIGCHI Conference on Human Factors in Computing Systems},
	pages={917--926},
	year={2010},
	organization={ACM}
}